@misc{web_service_wiki,
  title = {Web Service, Wikipedia},
  url = {http://en.wikipedia.org/wiki/Web_service},
  howpublished = {http://en.wikipedia.org/wiki/Web\_service}
},

@misc{web_service_protocols_wiki,
  title = {List of Web Service Protocols, Wikipedia},
  url = {http://en.wikipedia.org/wiki/List_of_web_service_protocols},
  howpublished = {http://en.wikipedia.org/wiki/List\_of\_web\_service\_protocols}
},
@misc{soap_wiki,
  title = {SOAP, Wikipedia},
  url = {http://en.wikipedia.org/wiki/SOAP},
  howpublished = {http://en.wikipedia.org/wiki/SOAP}
},
@misc{rest_wiki,
  title = {Representational state transfer, Wikipedia},
  url = {https://en.wikipedia.org/wiki/Representational_state_transfer},
  howpublished = {https://en.wikipedia.org/wiki/Representational\_state\_transfer}
},
@misc{facebook_release_note,
  title = {Platform Updates, Facebook},
  url = {https://developers.facebook.com/blog/post/2013/05/22/platform-updates--operation-},
  howpublished = {https://developers.facebook.com/blog/post/2013/05/22/platform-updates--operation-}
},

@article{kitchenham2007guidelines,
  title={Guidelines for performing systematic literature reviews in software engineering},
  author={Kitchenham, Barbara A and Charters, Stuart},
  year={2007}
},

@inproceedings{petersen2008systematic,
  title={Systematic mapping studies in software engineering},
  author={Petersen, Kai and Feldt, Robert and Mujtaba, Shahid and Mattsson, Michael},
  booktitle={12th International Conference on Evaluation and Assessment in Software Engineering},
  volume={17},
  pages={1},
  year={2008}
},

@inproceedings{treiber2009analyzing,
  title={On analyzing evolutionary changes of web services},
  author={Treiber, Martin and Truong, Hong-Linh and Dustdar, Schahram},
  booktitle={Service-Oriented Computing--ICSOC 2008 Workshops},
  pages={284--297},
  year={2009},
  organization={Springer}
},

@inproceedings{borovskiy2008evolution,
  title={Evolution Management of Enterprise Web Services},
  author={Borovskiy, Vadym and Zeier, Alexander},
  booktitle={Advanced Management of Information for Globalized Enterprises, 2008. AMIGE 2008. IEEE Symposium on},
  pages={1--5},
  year={2008},
  organization={IEEE}
},

@article{lublinsky2007versioning,
  title={Versioning in SOA},
  author={Lublinsky, Boris},
  journal={Microsoft Architect Journal, April},
  year={2007}
},

@inproceedings{laskey2008considerations,
  title={Considerations for SOA Versioning},
  author={Laskey, Ken},
  booktitle={Enterprise Distributed Object Computing Conference Workshops, 2008 12th},
  pages={333--337},
  year={2008},
  organization={IEEE}
},

@incollection{wilde2004semantically,
  title={Semantically extensible schemas for Web Service evolution},
  author={Wilde, Erik},
  booktitle={Web Services},
  pages={30--45},
  year={2004},
  publisher={Springer}
},

@inproceedings{leitner2008end,
  title={End-to-end versioning support for web services},
  author={Leitner, Philipp and Michlmayr, Anton and Rosenberg, Florian and Dustdar, Schahram},
  booktitle={Services Computing, 2008. SCC'08. IEEE International Conference on},
  volume={1},
  pages={59--66},
  year={2008},
  organization={IEEE}
},

@inproceedings{mangler2010origin,
  title={On the Origin of Services Using RIDDL for Description, Evolution and Composition of RESTful Services},
  author={Mangler, Juergen and Beran, Peter Paul and Schikuta, Erich},
  booktitle={Cluster, Cloud and Grid Computing (CCGrid), 2010 10th IEEE/ACM International Conference on},
  pages={505--508},
  year={2010},
  organization={IEEE}
},

@inproceedings{kaminski2006design,
  title={A design technique for evolving web services},
  author={Kaminski, Piotr and Litoiu, Marin and M{\"u}ller, Hausi},
  booktitle={Proceedings of the 2006 conference of the Center for Advanced Studies on Collaborative research},
  pages={23},
  year={2006},
  organization={IBM Corp.}
},

@inproceedings{le2008synchronizing,
  title={On synchronizing with web service evolution},
  author={Le Zou, Zhi and Fang, Ru and Liu, Liang and Wang, Qing Bo and Wang, Hao},
  booktitle={Web Services, 2008. ICWS'08. IEEE International Conference on},
  pages={329--336},
  year={2008},
  organization={IEEE}
},

@inproceedings{aversano2005visualizing,
  title={Visualizing the evolution of web services using formal concept analysis},
  author={Aversano, Lerina and Bruno, Marcello and Di Penta, Massimiliano and Falanga, Amedeo and Scognamiglio, Rita},
  booktitle={Principles of Software Evolution, Eighth International Workshop on},
  pages={57--60},
  year={2005},
  organization={IEEE}
},

@misc{google_maps_versioning,
  title = {Google Developers},
  url = {https://developers.google.com/maps/documentation/javascript/basics\#Versioning},
  howpublished = {https://developers.google.com/maps/documentation/javascript/basics\#Versioning}
},

@misc{twitter_api,
  title = {The Twitter REST API, Twitter Developers},
  url = {https://dev.twitter.com/docs/api},
  howpublished = {https://dev.twitter.com/docs/api}
},

@misc{twitter_calendar,
  title = {Calendar of API Changes, Twitter Developers},
  url = {https://dev.twitter.com/calendar},
  howpublished = {https://dev.twitter.com/calendar}
},

@misc{twitter_console,
  title = {Exploring the Twitter API, Twitter Developers},
  url = {https://dev.twitter.com/console},
  howpublished = {https://dev.twitter.com/console}
},

@misc{facebook_api,
  title = {Graph API, Facebook Developers},
  url = {https://developers.facebook.com/docs/reference/api},
  howpublished = {https://developers.facebook.com/docs/reference/api}
},

@misc{facebook_stack_overflow,
  title = {Facebook, Stack Overflow},
  url = {http://facebook.stackoverflow.com},
  howpublished = {http://facebook.stackoverflow.com}
}
